@article{Kammarauche2023Evaluating,
	author = {Kammarauche, Aneni and Isabella, Gomati de la Vega and Megan, G. Jiao and Melissa, C Funaro and Lynn, E. Fiellin},
	journal = {Progress in Brain Research},
	doi = {10.1016/bs.pbr.2023.02.002},
	year = {2023},
	title = {Evaluating the validity of game-based assessments measuring cognitive function among children and adolescents: A systematic review and meta-analysis.},
}


@article{T2024Relationship,
	author = {T., Bipp and Serena, Wee and Marvin, Walczok and Laura, Hansal},
	journal = {Journal of Intelligence},
	doi = {10.3390/jintelligence12120129},
	year = {2024},
	title = {The {Relationship} {Between} {Game}-{Related} {Assessment} and {Traditional} {Measures} of {Cognitive} {Ability}---{A} {Meta}-{Analysis}},
}


@article{K2018Evaluating,
	author = {K., Kiili and H., Ketamo},
	journal = {IEEE Transactions on Learning Technologies},
	doi = {10.1109/TLT.2017.2687458},
	year = {2018},
	title = {Evaluating {Cognitive} and {Affective} {Outcomes} of a {Digital} {Game}-{Based} {Math} {Test}},
}


@article{Hyunjoo2020Validation,
	author = {Hyunjoo, Song and Do-Joon, Yi and Hae-Jeong, Park},
	journal = {PLoS ONE},
	doi = {10.1371/journal.pone.0230498},
	year = {2020},
	title = {Validation of a mobile game-based assessment of cognitive control among children and adolescents},
	url = {https://journals.plos.org/plosone/article/file?id=10.1371/journal.pone.0230498&type=printable},
	howpublished = {https://journals.plos.org/plosone/article/file?id=10.1371/journal.pone.0230498\&type=printable},
}


@article{E2020Cognitive,
	author = {E., J. Weiner and Diana, R. Sanchez},
	journal = {International Journal of Selection and Assessment},
	doi = {10.1111/ijsa.12295},
	year = {2020},
	title = {Cognitive {Ability} in {Virtual} {Reality}: Validity {Evidence} for {Vr} {GameBased} {Assessments}},
}


@article{Pedersen2023Measuring,
	author = {Pedersen, Mads Kock and D{\' i}az, Carlos Mauricio Casta{\~ n}o and Wang, Qian Janice and AlbaMarrugo, Mario Alejandro and Amidi, Ali and Basaiawmoit, Rajiv V. and Bergenholtz, Carsten and Christiansen, Morten H. and Gajdacz, Miroslav and Hertwig, Ralph and Ishkhanyan, Byurakn and Klyver, Kim and Ladegaard, Nicolai and Mathiasen, Kim and Parsons, Christine and Rafner, Janet and Villadsen, Anders R. and Wallentin, Mikkel and Zana, Blanka and Sherson, Jacob F.},
	journal = {Cognitive Science},
	doi = {10.1111/cogs.13308},
	issn = {0364-0213},
	number = {6},
	year = {2023},
	month = {6},
	publisher = {Wiley},
	title = {Measuring {Cognitive} {Abilities} in the {Wild}: Validating a {PopulationScale} {GameBased} {Cognitive} {Assessment}},
	url = {http://dx.doi.org/10.1111/cogs.13308},
	volume = {47},
}


@article{Shute2016Measuring,
	author = {Shute, Valerie J. and Wang, Lubin and Greiff, Samuel and Zhao, Weinan and Moore, Gregory},
	journal = {Computers in Human Behavior},
	doi = {10.1016/j.chb.2016.05.047},
	issn = {0747-5632},
	year = {2016},
	month = {10},
	pages = {106--117},
	publisher = {Elsevier BV},
	title = {Measuring problem solving skills via stealth assessment in an engaging video game},
	url = {http://dx.doi.org/10.1016/j.chb.2016.05.047},
	volume = {63},
}


@article{Anguera2016Characterizing,
	author = {Anguera, J A and Brandes-Aitken, A N and Rolle, C E and Skinner, S N and Desai, S S and Bower, J D and Martucci, W E and Chung, W K and Sherr, E H and Marco, E J},
	journal = {Translational Psychiatry},
	doi = {10.1038/tp.2016.178},
	issn = {2158-3188},
	number = {9},
	year = {2016},
	month = {sep 20},
	pages = {e893--e893},
	publisher = {{Springer Science and Business Media LLC}},
	title = {Characterizing cognitive control abilities in children with 16p11.2 deletion using adaptive \textquoteleft{}video game\textquoteright{} technology: a pilot study},
	url = {http://dx.doi.org/10.1038/tp.2016.178},
	volume = {6},
}


@article{Sliwinski2016Reliability,
	author = {Sliwinski, Martin J. and Mogle, Jacqueline A. and Hyun, Jinshil and Munoz, Elizabeth and Smyth, Joshua M. and Lipton, Richard B.},
	journal = {Assessment},
	doi = {10.1177/1073191116643164},
	issn = {1073-1911},
	number = {1},
	year = {2016},
	month = {apr 15},
	pages = {14--30},
	publisher = {SAGE Publications},
	title = {Reliability and {Validity} of {Ambulatory} {Cognitive} {Assessments}},
	url = {http://dx.doi.org/10.1177/1073191116643164},
	volume = {25},
}


@article{Panagiotis2020Validation,
	author = {Panagiotis, Kourtesis and S., Collina and Leonidas, A. A. Doumas and Sarah, E. MacPherson},
	journal = {Journal of the International Neuropsychological Society},
	doi = {10.1017/S1355617720000764},
	year = {2020},
	title = {Validation of the {Virtual} {Reality} {Everyday} {Assessment} {Lab} ({VR}-{EAL}): An {Immersive} {Virtual} {Reality} {Neuropsychological} {Battery} with {Enhanced} {Ecological} {Validity}},
}

