%% This BibTeX bibliography file was created using BibDesk.
%% https://bibdesk.sourceforge.io/

%% Created for Pawe≈Ç at 2025-04-08 22:30:17 +0200 


%% Saved with string encoding Unicode (UTF-8) 



@inbook{Aneni2023,
	author = {Aneni, Kammarauche and Gomati de la Vega, Isabella and Jiao, Megan G. and Funaro, Melissa C. and Fiellin, Lynn E.},
	booktitle = {Progress in {Brain} {Research}},
	date-modified = {2025-04-08 22:30:12 +0200},
	doi = {10.1016/bs.pbr.2023.02.002},
	isbn = {9780443223709},
	issn = {0079-6123},
	pages = {1--36},
	publisher = {Elsevier},
	title = {Evaluating the validity of game-based assessments measuring cognitive function among children and adolescents: A systematic review and meta-analysis},
	url = {http://dx.doi.org/10.1016/bs.pbr.2023.02.002},
	year = {2023},
	bdsk-url-1 = {http://dx.doi.org/10.1016/bs.pbr.2023.02.002}}

@article{Bipp2024,
	author = {Bipp, Tanja and Wee, Serena and Walczok, Marvin and Hansal, Laura},
	date-modified = {2025-04-08 22:30:12 +0200},
	doi = {10.3390/jintelligence12120129},
	issn = {2079-3200},
	journal = {Journal of Intelligence},
	month = {dec 16},
	number = {12},
	pages = {129},
	publisher = {MDPI AG},
	title = {The {Relationship} {Between} {Game}-{Related} {Assessment} and {Traditional} {Measures} of {Cognitive} {Ability}---{A} {Meta}-{Analysis}},
	url = {http://dx.doi.org/10.3390/jintelligence12120129},
	volume = {12},
	year = {2024},
	bdsk-url-1 = {http://dx.doi.org/10.3390/jintelligence12120129}}

@article{Kiili2018,
	author = {Kiili, Kristian and Ketamo, Harri},
	date-modified = {2025-04-08 22:30:12 +0200},
	doi = {10.1109/tlt.2017.2687458},
	issn = {1939-1382},
	journal = {IEEE Transactions on Learning Technologies},
	month = {apr 1},
	number = {2},
	pages = {255--263},
	publisher = {{Institute of Electrical and Electronics Engineers (IEEE)}},
	title = {Evaluating {Cognitive} and {Affective} {Outcomes} of a {Digital} {Game}-{Based} {Math} {Test}},
	url = {http://dx.doi.org/10.1109/TLT.2017.2687458},
	volume = {11},
	year = {2018},
	bdsk-url-1 = {http://dx.doi.org/10.1109/TLT.2017.2687458}}

@article{Song2020,
	author = {Song, Hyunjoo and Yi, Do-Joon and Park, Hae-Jeong},
	date-modified = {2025-04-08 22:30:12 +0200},
	doi = {10.1371/journal.pone.0230498},
	editor = {Rodr{\'\i}guez, Celestino},
	issn = {1932-6203},
	journal = {PLOS ONE},
	month = {mar 20},
	number = {3},
	pages = {e0230498},
	publisher = {Public Library of Science (PLoS)},
	title = {Validation of a mobile game-based assessment of cognitive control among children and adolescents},
	url = {http://dx.doi.org/10.1371/journal.pone.0230498},
	volume = {15},
	year = {2020},
	bdsk-url-1 = {http://dx.doi.org/10.1371/journal.pone.0230498}}

@article{Weiner2020,
	author = {Weiner, Erik J. and Sanchez, Diana R.},
	date-modified = {2025-04-08 22:30:12 +0200},
	doi = {10.1111/ijsa.12295},
	issn = {0965-075X},
	journal = {International Journal of Selection and Assessment},
	month = {jun 14},
	number = {3},
	pages = {215--235},
	publisher = {Wiley},
	title = {Cognitive ability in virtual reality: Validity evidence for {VR} gamebased assessments},
	url = {http://dx.doi.org/10.1111/ijsa.12295},
	volume = {28},
	year = {2020},
	bdsk-url-1 = {http://dx.doi.org/10.1111/ijsa.12295}}

@article{Pedersen2023,
	author = {Pedersen, Mads Kock and D{\'\i}az, Carlos Mauricio Casta{\~n}o and Wang, Qian Janice and AlbaMarrugo, Mario Alejandro and Amidi, Ali and Basaiawmoit, Rajiv V. and Bergenholtz, Carsten and Christiansen, Morten H. and Gajdacz, Miroslav and Hertwig, Ralph and Ishkhanyan, Byurakn and Klyver, Kim and Ladegaard, Nicolai and Mathiasen, Kim and Parsons, Christine and Rafner, Janet and Villadsen, Anders R. and Wallentin, Mikkel and Zana, Blanka and Sherson, Jacob F.},
	date-modified = {2025-04-08 22:30:12 +0200},
	doi = {10.1111/cogs.13308},
	issn = {0364-0213},
	journal = {Cognitive Science},
	month = {6},
	number = {6},
	publisher = {Wiley},
	title = {Measuring {Cognitive} {Abilities} in the {Wild}: Validating a {PopulationScale} {GameBased} {Cognitive} {Assessment}},
	url = {http://dx.doi.org/10.1111/cogs.13308},
	volume = {47},
	year = {2023},
	bdsk-url-1 = {http://dx.doi.org/10.1111/cogs.13308}}

@article{Shute2016,
	author = {Shute, Valerie J. and Wang, Lubin and Greiff, Samuel and Zhao, Weinan and Moore, Gregory},
	date-modified = {2025-04-08 22:30:12 +0200},
	doi = {10.1016/j.chb.2016.05.047},
	issn = {0747-5632},
	journal = {Computers in Human Behavior},
	month = {10},
	pages = {106--117},
	publisher = {Elsevier BV},
	title = {Measuring problem solving skills via stealth assessment in an engaging video game},
	url = {http://dx.doi.org/10.1016/j.chb.2016.05.047},
	volume = {63},
	year = {2016},
	bdsk-url-1 = {http://dx.doi.org/10.1016/j.chb.2016.05.047}}

@article{Anguera2016,
	author = {Anguera, J A and Brandes-Aitken, A N and Rolle, C E and Skinner, S N and Desai, S S and Bower, J D and Martucci, W E and Chung, W K and Sherr, E H and Marco, E J},
	date-modified = {2025-04-08 22:30:12 +0200},
	doi = {10.1038/tp.2016.178},
	issn = {2158-3188},
	journal = {Translational Psychiatry},
	month = {sep 20},
	number = {9},
	pages = {e893--e893},
	publisher = {{Springer Science and Business Media LLC}},
	title = {Characterizing cognitive control abilities in children with 16p11.2 deletion using adaptive \textquoteleft{}video game\textquoteright{} technology: a pilot study},
	url = {http://dx.doi.org/10.1038/tp.2016.178},
	volume = {6},
	year = {2016},
	bdsk-url-1 = {http://dx.doi.org/10.1038/tp.2016.178}}

@article{Sliwinski2016,
	author = {Sliwinski, Martin J. and Mogle, Jacqueline A. and Hyun, Jinshil and Munoz, Elizabeth and Smyth, Joshua M. and Lipton, Richard B.},
	date-modified = {2025-04-08 22:30:12 +0200},
	doi = {10.1177/1073191116643164},
	issn = {1073-1911},
	journal = {Assessment},
	month = {apr 15},
	number = {1},
	pages = {14--30},
	publisher = {SAGE Publications},
	title = {Reliability and {Validity} of {Ambulatory} {Cognitive} {Assessments}},
	url = {http://dx.doi.org/10.1177/1073191116643164},
	volume = {25},
	year = {2016},
	bdsk-url-1 = {http://dx.doi.org/10.1177/1073191116643164}}

@article{Kourtesis2020,
	author = {Kourtesis, Panagiotis and Collina, Simona and Doumas, Leonidas A.A. and MacPherson, Sarah E.},
	date-modified = {2025-04-08 22:30:12 +0200},
	doi = {10.1017/s1355617720000764},
	issn = {1355-6177},
	journal = {Journal of the International Neuropsychological Society},
	month = {aug 10},
	number = {2},
	pages = {181--196},
	publisher = {Cambridge University Press (CUP)},
	title = {Validation of the {Virtual} {Reality} {Everyday} {Assessment} {Lab} ({VR}-{EAL}): An {Immersive} {Virtual} {Reality} {Neuropsychological} {Battery} with {Enhanced} {Ecological} {Validity}},
	url = {http://dx.doi.org/10.1017/S1355617720000764},
	volume = {27},
	year = {2020},
	bdsk-url-1 = {http://dx.doi.org/10.1017/S1355617720000764}}
